@book{kostrikin_algebra_1,
    author =       "Aleksiej I. Kostrikin",
    title =        "Wstęp do algebry",
    year =         "Warszawa, 2008",
    publisher =	   "Wydawnictwo Naukowe PWN"
}

@book{wyklady_wstep_do_matematyki,
    author =       "Wojciech Guzicki, Piotr Zakrzewski",
    title =        "Wykłady ze wstępu do matematyki",
    year =         "Warszawa, 2012",
    publisher =	   "Wydawnictwo Naukowe PWN"
}

@book{wstep_do_teorii_mnogosci_i_topologii,
    author =       "Kazimierz Kuratowski",
    title =        "Wstęp do teorii mnogości i topologii",
    year =         "Warszawa, 1966",
    publisher =	   "PWN"
}

@book{analiza_matematyczna_dla_ekonomistow,
    author =       "Walerian Dubnicki, Jacek Kłopotowski, Tomasz Szapiro",
    title =        "Analiza matematyczna. Podręcznik dla ekonomistów",
    year =         "Warszawa, 2010",
    publisher =	   "Wydawnictwo Naukowe PWN"
}

@book{teoria_mnogosci_kuratowski_mostowski,
    author =       "Kazimierz Kuratowski, Andrzej Mostowski",
    title =        "Teoria mnogości (wraz ze wstępem do opisowej teorii mnogości)",
    year =         "Warszawa, 1978",
    publisher =	   "PWN"
}

@book{tarski_intro,
    author =       "Alfred Tarski",
    title =        "Introduction to Logic and to the Methodology of Deductive Sciences",
    year =         "1995",
    publisher =	   "Dover"
}

@book{smith_intro_formal_logic,
    author =       "Peter Smith",
    title =        "An Introduction to Formal Logic",
    year =         "2020",
    publisher =	   "Logic Matters"
}

@book{kleene_math_logic,
    author =       "Stephen Cole Kleene",
    title =        "Mathematical Logic",
    year =         "1967",
    publisher =	   "Dover"
}

@book{rautenberg_concise_intro,
    author =       "Wolfgang Rautenberg",
    title =        "A Concise Introduction to Mathematical Logic",
    year =         "2010",
    publisher =	   "Springer"
}

@book{suppes_axiomatic_set_theory,
    author =       "Patrick Suppes",
    title =        "Axiomatic Set Theory",
    year =         "1972",
    publisher =	   "Dover"
}

@book{intro_godel_theorems,
    author =       "Peter Smith",
    title =        "An Introduction to G{\"o}del Theorems",
    year =         "2020",
    publisher =	   "Logic Matters"
}

@book{sets_logic_computation,
    author =       "Richard Zach (ed.) et al.",
    title =        "Sets, Logic, Computation. An Open Introduction",
    year =         "Fall 2019"
}

@book{incompleteness_and_computability,
    author =       "Richard Zach (ed.) et al.",
    title =        "Incompleteness and Computability. An Open Introduction to 
    G{\"o}del's Theorems",
    year =         "Fall 2019"
}

@book{intro_to_automata_theory,
    author =       "John Hopcroft, Rajeev Motwani, Jeffrey Ullman",
    title =        "Introduction to Automata Theory, Languages and Computation",
    year =         "2006"
}

@book{intro_to_graph_theory,
    author =       "Richard J. Trudeau",
    title =        "Introduction to Graph Theory",
    publisher =	   "Dover Publications",
    year =         "1976"
}